<record><leader>00000cas a22000007a 4500</leader><controlfield tag="001">14082459</controlfield><controlfield tag="008">860813c19769999nyudr ne      0    0eng  </controlfield><controlfield tag="009">466</controlfield><datafield ind1=" " ind2=" " tag="010"><subfield code="a">sn 86071824 </subfield></datafield><datafield ind1=" " ind2=" " tag="040"><subfield code="a">DLC</subfield><subfield code="b">eng</subfield><subfield code="c">DLC</subfield><subfield code="d">NYS</subfield><subfield code="d">OCLCQ</subfield></datafield><datafield ind1="1" ind2=" " tag="029"><subfield code="a">AU@</subfield><subfield code="b">000025792476</subfield></datafield><datafield ind1=" " ind2=" " tag="037"><subfield code="b">Daily Sentinel, 333 W. Dominick St., P.O. Box 471, Rome, N.Y. 13440</subfield></datafield><datafield ind1=" " ind2=" " tag="042"><subfield code="a">msc</subfield></datafield><datafield ind1="0" ind2="0" tag="050"><subfield code="a">Newspaper</subfield></datafield><datafield ind1="0" ind2=" " tag="130"><subfield code="a">Daily sentinel (Rome, N.Y. : 1976)</subfield></datafield><datafield ind1="0" ind2="0" tag="245"><subfield code="a">Daily sentinel.</subfield></datafield><datafield ind1=" " ind2=" " tag="260"><subfield code="a">Rome, N.Y. :</subfield><subfield code="b">George B. Waters,</subfield><subfield code="c">1976-</subfield></datafield><datafield ind1=" " ind2=" " tag="300"><subfield code="a">v. :</subfield><subfield code="b">ill. ;</subfield><subfield code="c">58 cm.</subfield></datafield><datafield ind1=" " ind2=" " tag="310"><subfield code="a">Daily,</subfield><subfield code="b">&lt;1986&gt;</subfield></datafield><datafield ind1=" " ind2=" " tag="321"><subfield code="a">Daily (except Sunday),</subfield><subfield code="b">&lt;1976&gt;</subfield></datafield><datafield ind1="0" ind2=" " tag="362"><subfield code="a">Vol. 95 (May 5, 1976)-</subfield></datafield><datafield ind1=" " ind2=" " tag="500"><subfield code="a">Published by: Rome Sentinel Co., &lt;1986&gt;.</subfield></datafield><datafield ind1=" " ind2=" " tag="500"><subfield code="a">"Independent." Cf. Ayer, 1985.</subfield></datafield><datafield ind1=" " ind2="4" tag="651"><subfield code="a">Rome (N.Y.)</subfield><subfield code="v">Newspapers.</subfield></datafield><datafield ind1=" " ind2=" " tag="752"><subfield code="a">United States</subfield><subfield code="b">New York</subfield><subfield code="c">Oneida</subfield><subfield code="d">Rome.</subfield></datafield><datafield ind1="0" ind2="0" tag="780"><subfield code="t">Rome daily sentinel (Rome, N.Y. : 1881)</subfield><subfield code="w">(DLC)sn 83031997</subfield><subfield code="w">(OCoLC)10097723</subfield></datafield></record>